
@misc{DensePose,
  doi = {10.48550/ARXIV.2301.00250},
  
  url = {https://arxiv.org/abs/2301.00250},
  
  author = {Geng, Jiaqi and Huang, Dong and De la Torre, Fernando},
  
  keywords = {Computer Vision and Pattern Recognition (cs.CV), FOS: Computer and information sciences, FOS: Computer and information sciences},
  
  title = {DensePose From WiFi},
  
  publisher = {arXiv},
  
  year = {2023},
  
  copyright = {arXiv.org perpetual, non-exclusive license}
}

